
@book {arnold_mechanics,
    AUTHOR = {Arnold, V. I.},
     TITLE = {Mathematical methods of classical mechanics},
    SERIES = {Graduate Texts in Mathematics},
    VOLUME = {60},
      NOTE = {Translated from the 1974 Russian original by K. Vogtmann and
              A. Weinstein,
              Corrected reprint of the second (1989) edition},
 PUBLISHER = {Springer-Verlag, New York},
      YEAR = {[1989?]                                               },
     PAGES = {xvi+516},
      ISBN = {0-387-96890-3},
   MRCLASS = {70-02 (58F05 58Fxx 70Hxx)},
  MRNUMBER = {1345386},
}






@article {bottacin,
    AUTHOR = {Bottacin, F.},
     TITLE = {Symplectic geometry on moduli spaces of stable pairs},
   JOURNAL = {Ann. Sci. \'Ecole Norm. Sup. (4)},
  FJOURNAL = {Annales Scientifiques de l'\'Ecole Normale Sup\'erieure.
              Quatri\`eme S\'erie},
    VOLUME = {28},
      YEAR = {1995},
    NUMBER = {4},
     PAGES = {391--433},
      ISSN = {0012-9593},
     CODEN = {ASENAH},
   MRCLASS = {14D20 (14J60 58F07)},
  MRNUMBER = {1334607 (96h:14008)},
MRREVIEWER = {Nitin Nitsure},
       URL = 	{http://www.numdam.org/item?id=ASENS_1995_4_28_4_391_0},
}

@unpublished {bottacin_bundles,
  AUTHOR = {Bottacin, Francesco},
  TITLE = {Fibrati vettoriali sulle curve},
  YEAR = {1996},
  NOTE = {Lecture Notes},
}


@thesis{chatterjee_thesis,
    AUTHOR ={Chatterjee, David},
    TITLE ={On gerbs},
    YEAR = {1998},
    NOTE ={Ph.D. thesis, Trinity College, Cambridge},
}

@incollection {murray_intro_bundle_gerbes,
    AUTHOR = {Murray, Michael},
    TITLE = {Introduction to bundle gerbes},
    BOOKTITLE = {The {M}any {F}acets of {G}eometry, {A} {T}ribute to {N}igel {H}itchin},
    YEAR = {2010},
    PUBLISHER={Oxford University Press},
    NOTE={arXiv:0712.1651},
}






@book{stewart,
  title = {Calculus: 7th edition},
  year= {2012},
  publisher= {Brooks/Cole},
  author= {Stewart, J.},
}

@book{hatcher,
  AUTHOR = {Hatcher, Allen},  
  TITLE = {Algebraic topology},
PUBLISHER = {Cambridge University Press, Cambridge},
    YEAR = {2002},
     PAGES = {xii+544},
      ISBN = {0-521-79160-X; 0-521-79540-0},
   MRCLASS = {55-01 (55-00)},
  MRNUMBER = {1867354},
MRREVIEWER = {Donald W. Kahn},
},

@article{Zomorodian_Carlsson_2005, 
title={Computing Persistent Homology}, 
volume={33}, 
ISSN={0179-5376, 1432-0444}, 
DOI={10.1007/s00454-004-1146-y}, 
number={2}, 
journal={Discrete and Computational Geometry}, 
author={Zomorodian, Afra and Carlsson, Gunnar}, 
year={2005}, 
month={Feb}, 
pages={249–274},
}

@article{de_Silvia,
title={Dualities in persistent (co)homology}, 
volume={27}, 
ISSN={0266-5611, 1361-6420}, 
DOI={10.1088/0266-5611/27/12/124003}, 
number={12}, 
journal={Inverse Problems}, 
author={de Silva, Vin and Morozov, Dmitriy and Vejdemo-Johansson, Mikael}, 
year={2011}, 
month={Dec}, 
pages={124003} 
}

@article{Bauer_2019, 
title={Ripser: efficient computation of Vietoris-Rips persistence barcodes}, 
url={http://arxiv.org/abs/1908.02518}, 
note={arXiv: 1908.02518}, 
journal={arXiv:1908.02518 [cs, math]}, 
author={Bauer, Ulrich}, 
year={2019}, 
month={Aug} 
}

@article{Ghrist_2007, 
title={Barcodes: The persistent topology of data},
volume={45}, 
ISSN={0273-0979}, 
DOI={10.1090/S0273-0979-07-01191-3}, 
number={01}, 
journal={Bulletin of the American Mathematical Society}, 
author={Ghrist, Robert},
year={2007}, 
month={Oct}, 
pages={61–76} 
}

@article{DBLP,
  author    = {Linxi Jiang and
               Xingjun Ma and
               Shaoxiang Chen and
               James Bailey and
               Yu{-}Gang Jiang},
  title     = {Black-box Adversarial Attacks on Video Recognition Models},
  journal   = {CoRR},
  volume    = {abs/1904.05181},
  year      = {2019},
  url       = {http://arxiv.org/abs/1904.05181},
  eprinttype = {arXiv},
  eprint    = {1904.05181},
  timestamp = {Mon, 11 Jan 2021 17:40:16 +0100},
  biburl    = {https://dblp.org/rec/journals/corr/abs-1904-05181.bib},
  bibsource = {dblp computer science bibliography, https://dblp.org}
}

@article{HuangWG16,
  author    = {Zhiwu Huang and
               Jiqing Wu and
               Luc Van Gool},
  title     = {Building Deep Networks on Grassmann Manifolds},
  journal   = {CoRR},
  volume    = {abs/1611.05742},
  year      = {2016},
  url       = {http://arxiv.org/abs/1611.05742},
  eprinttype = {arXiv},
  eprint    = {1611.05742},
  timestamp = {Mon, 13 Aug 2018 16:47:20 +0200},
  biburl    = {https://dblp.org/rec/journals/corr/HuangWG16.bib},
  bibsource = {dblp computer science bibliography, https://dblp.org}
}

 
@book{Artin_2011, 
place={Boston, MA},
edition={2nd ed}, 
title={Algebra},
ISBN={9780132413770},
publisher={Pearson Education}, 
author={Artin, Michael}, year={2011} 
}

@book{Rabadan_Blumberg_2019,
edition={1}, 
title={Topological Data Analysis for Genomics and Evolution: Topology in Biology},
ISBN={9781316671665},
url={https://www.cambridge.org/core/product/identifier/9781316671665/type/book},
DOI={10.1017/9781316671665}, 
publisher={Cambridge University Press}, 
author={Rabadán, Raúl and Blumberg, Andrew J.}, 
year={2019}, 
month={Dec} 
}
 
@article{Otter_Porter_Tillmann_Grindrod_Harrington_2017, 
title={A roadmap for the computation of persistent homology}, 
volume={6}, 
ISSN={2193-1127}, 
DOI={10.1140/epjds/s13688-017-0109-5}, 
note={arXiv: 1506.08903}, 
number={1}, 
journal={EPJ Data Science}, 
author={Otter, Nina and Porter, Mason A. and Tillmann, Ulrike and Grindrod, Peter and Harrington, Heather A.}, 
year={2017}, 
month={Dec}, 
pages={17} 
}

@book{Eisenbud_1995,
title={Commutative Algebra: with a View Toward Algebraic Geometry}, 
ISBN={9781461253501}, url={https://doi.org/10.1007/978-1-4612-5350-1}, 
author={Eisenbud, David}, 
year={1995}
}

@article{Silva_Ghrist_2007, 
title={Coverage in sensor networks via persistent homology}, 
volume={7}, 
ISSN={1472-2739, 1472-2747}, 
DOI={10.2140/agt.2007.7.339}, 
number={1}, 
journal={Algebraic and Geometric Topology}, 
author={de Silva, Vin and Ghrist, Robert}, 
year={2007}, 
month={Apr}, 
pages={339–358}
}

  
  

